<?xml version="1.0" encoding="UTF-8"?><record xmlns="http://www.loc.gov/MARC21/slim" xmlns:cinclude="http://apache.org/cocoon/include/1.0" xmlns:zs="http://www.loc.gov/zing/srw/">
  <leader>00447nz  a2200145n  4500</leader>
  <controlfield tag="001">no2008030024</controlfield>
  <controlfield tag="003">DLC</controlfield>
  <controlfield tag="005">20080228081639.0</controlfield>
  <controlfield tag="008">080225n| acannaabn          |a aaa     c</controlfield>
  <datafield tag="010" ind1=" " ind2=" ">
    <subfield code="a">no2008030024</subfield>
  </datafield>
  <datafield tag="035" ind1=" " ind2=" ">
    <subfield code="a">(OCoLC)oca07669737</subfield>
  </datafield>
  <datafield tag="040" ind1=" " ind2=" ">
    <subfield code="a">MX-AgUA</subfield>
    <subfield code="b">eng</subfield>
    <subfield code="c">MX-AgUA</subfield>
  </datafield>
  <datafield tag="100" ind1="1" ind2=" ">
    <subfield code="a">Morales Sánchez, Mónica</subfield>
  </datafield>
  <datafield tag="400" ind1="1" ind2=" ">
    <subfield code="a">Sánchez, Mónica Morales</subfield>
  </datafield>
  <datafield tag="670" ind1=" " ind2=" ">
    <subfield code="a">Los derechos humanos en el fuero militar mexicano, 1998:</subfield>
    <subfield code="b">t.p. (Mónica Morales Sánchez)</subfield>
  </datafield>
</record>